@video{wales_birth_2005,
	location = {Oxford, {UK}},
	title = {The birth of Wikipedia},
	url = {https://www.ted.com/talks/jimmy_wales_the_birth_of_wikipedia?language=pt-br},
	abstract = {Jimmy Walles relembra como ele juntou um bando esfarrapado de voluntários, deu a eles ferramentas para colaboração e criou o Wikipedia, a enciclopédia on-line auto-organizada, auto-corrigida e nunca terminada.},
	author = {Wales, Jimmy},
	urldate = {2020-03-19},
	date = {2005},
	langid = {english},
	file = {Snapshot:/Users/henrique/Zotero/storage/XSDDZXZL/jimmy_wales_the_birth_of_wikipedia.html:text/html}
}

@online{alexa_2019,
	title = {The top 500 sites on the web},
	author = {Alexa},
	url = {http://alexa.com},
	urldate = {2019-08-30},
	date = {2019},
	
}

@online{wales_interview_2004,
	title = {Wikipedia Founder Jimmy Wales Responds},
	author = {Slashdot},
	url = {https://slashdot.org/story/04/07/28/1351230/wikipedia-founder-jimmy-wales-responds},
	abstract = {Wikipedia is an excellent project, and Slashdot readers' questions for Wikipedia founder Jimmy Wales were just as excellent -- as are Jimmy Wales' answers to 12 of the highest-moderated questions you submitted.},
	urldate = {2019-09-02},
	date = {2004},
	langid = {english},
	file = {Snapshot:/Users/henrique/Zotero/storage/J8XEJIJP/wikipedia-founder-jimmy-wales-responds.html:text/html}
}

@online{ted_global_2005,
	title = {Site da conferência TED Global 2005},
	author = {TED},
	url = {https://www.ted.com/about/conferences/past-teds/tedglobal-2005},
	urldate = {2020-03-19},
	date = {2005},
	langid = {portuguese},
}

@book{cukierman_pasteur_2007,
	title = {Yes, nós temos Pasteur: Manguinhos, Oswaldo Cruz e a história da ciência no Brasil},
	isbn = {978-85-7316-536-4},
	shorttitle = {Yes, nós temos Pasteur},
	abstract = {'Yes, nós temos Pasteur', de Henrique Cukierman, coloca novas verdades em circulação em meio aos escombros das antigas verdades da modernidade. Novas verdades em construção, cada vez mais sólidas. Novas verdades que ganharam força após os seminais estudos de laboratório dos anos 1970 e 1980, que caracterizaram a entrada da antropologia nos recintos 'sagrados' em que são produzidas as ciências e as tecnologias. Novos olhares que surpreendem, pois relocam as ciências e tecnologias em conexão e interação com a sociedade.},
	pagetotal = {439},
	publisher = {Relume Dumará},
	author = {Cukierman, Henrique},
	date = {2007},
	langid = {portuguese},
	note = {Google-Books-{ID}: {eN}7VwAEACAAJ}
}


@inproceedings{antin_my_2011,
	title = {My kind of people?: perceptions about wikipedia contributors and their motivations},
	shorttitle = {My kind of people?},
	pages = {3411--3420},
	booktitle = {Proceedings of the {SIGCHI} Conference on Human Factors in Computing Systems},
	publisher = {{ACM}},
	author = {Antin, Judd},
	date = {2011},
	file = {Full Text:/Users/henrique/Zotero/storage/QQUN2XUQ/Antin - 2011 - My kind of people perceptions about wikipedia co.pdf:application/pdf;Snapshot:/Users/henrique/Zotero/storage/7NLMFKLI/citation.html:text/html}
}


@inproceedings{burke_feed_2009,
	title = {Feed me: motivating newcomer contribution in social network sites},
	shorttitle = {Feed me},
	pages = {945--954},
	booktitle = {Proceedings of the {SIGCHI} conference on human factors in computing systems},
	publisher = {{ACM}},
	author = {Burke, Moira and Marlow, Cameron and Lento, Thomas},
	date = {2009},
	file = {Full Text:/Users/henrique/Zotero/storage/N3XNVFIT/Burke et al. - 2009 - Feed me motivating newcomer contribution in socia.pdf:application/pdf;Snapshot:/Users/henrique/Zotero/storage/L7VJXB3C/citation.html:text/html}
}


@inproceedings{faulkner_etiquette_2012,
	title = {Etiquette in Wikipedia: weening new editors into productive ones},
	shorttitle = {Etiquette in Wikipedia},
	pages = {5},
	booktitle = {Proceedings of the Eighth Annual International Symposium on Wikis and Open Collaboration},
	publisher = {{ACM}},
	author = {Faulkner, Ryan and Walling, Steven and Pinchuk, Maryana},
	date = {2012},
	file = {Full Text:/Users/henrique/Zotero/storage/IMYQY8D2/Faulkner et al. - 2012 - Etiquette in Wikipedia weening new editors into p.pdf:application/pdf;Snapshot:/Users/henrique/Zotero/storage/4T5FLFIV/citation.html:text/html}
}


@article{halfaker_rise_2013,
	title = {The rise and decline of an open collaboration system: How Wikipedia’s reaction to popularity is causing its decline},
	volume = {57},
	shorttitle = {The rise and decline of an open collaboration system},
	pages = {664--688},
	number = {5},
	journaltitle = {American Behavioral Scientist},
	author = {Halfaker, Aaron and Geiger, R. Stuart and Morgan, Jonathan T. and Riedl, John},
	date = {2013},
	file = {Full Text:/Users/henrique/Zotero/storage/N3NARA4S/Halfaker et al. - 2013 - The rise and decline of an open collaboration syst.pdf:application/pdf;Snapshot:/Users/henrique/Zotero/storage/X4WVCJYY/0002764212469365.html:text/html}
}


@article{kraut_dealing_2010,
	title = {Dealing with newcomers},
	volume = {1},
	pages = {42},
	journaltitle = {Evidencebased Social Design Mining the Social Sciences to Build Online Communities},
	author = {Kraut, Robert and Burke, Moira and Riedl, John and Resnick, Paul},
	date = {2010},
	file = {Full Text:/Users/henrique/Zotero/storage/RXTP8JVJ/Kraut et al. - 2010 - Dealing with newcomers.pdf:application/pdf}
}

@inproceedings{morgan_tea_2013,
	title = {Tea \& Sympathy: Crafting Positive New User Experiences on Wikipedia},
	url = {https://www.researchgate.net/publication/262236826_Tea_sympathy_Crafting_positive_new_user_experiences_on_wikipedia},
	doi = {10.1145/2441776.2441871},
	shorttitle = {Tea \& Sympathy},
	abstract = {We present the Teahouse, a pilot project for supporting and socializing new Wikipedia editors. Open collaboration systems like Wikipedia must continually recruit and retain new members in order to sustain themselves. Wikipedia’s editor decline presents unique exigency for evaluating novel strategies to support newcomers and increase new user retention in such systems, particularly among demographics that are currently underrepresented in the user community. In this paper, we describe the design and deployment of Teahouse, and present preliminary findings. Our findings highlight the importance of intervening early in the editor lifecycle, providing user-friendly tools, creating safe spaces for newcomers, and facilitating positive interactions between newcomers and established community members. Author Keywords User experience; new users; Wikipedia; gender; socialization; collaboration},
	eventtitle = {Conference on Computer supported cooperative work},
	booktitle = {Proceedings of the 2013 conference on Computer supported cooperative work},
	author = {Morgan, Jonathan T. and Bouterse, Siko and Stierch, Sarah and Walls, Heather},
	date = {2013},
	file = {Citeseer - Full Text PDF:/Users/henrique/Zotero/storage/GAZJYLUM/Morgan et al. - Tea & Sympathy Crafting Positive New User Experie.pdf:application/pdf;Citeseer - Snapshot:/Users/henrique/Zotero/storage/FPEBNJHY/summary.html:text/html}
}

@inproceedings{schneider_accept_2014,
	title = {Accept, decline, postpone: How newcomer productivity is reduced in English Wikipedia by pre-publication review},
	shorttitle = {Accept, decline, postpone},
	pages = {26},
	booktitle = {Proceedings of the international symposium on open collaboration},
	publisher = {{ACM}},
	author = {Schneider, Jodi and Gelley, Bluma S. and Halfaker, Aaron},
	date = {2014},
	file = {Full Text:/Users/henrique/Zotero/storage/CLURM8CA/Schneider et al. - 2014 - Accept, decline, postpone How newcomer productivi.pdf:application/pdf;Snapshot:/Users/henrique/Zotero/storage/YSRUWNAA/citation.html:text/html}
}

@inproceedings{steinmacher_social_2015,
	title = {Social barriers faced by newcomers placing their first contribution in open source software projects},
	pages = {1379--1392},
	booktitle = {Proceedings of the 18th {ACM} conference on Computer supported cooperative work \& social computing},
	publisher = {{ACM}},
	author = {Steinmacher, Igor and Conte, Tayana and Gerosa, Marco Aurélio and Redmiles, David},
	date = {2015},
	file = {Full Text:/Users/henrique/Zotero/storage/95BJ9Y98/Steinmacher et al. - 2015 - Social barriers faced by newcomers placing their f.pdf:application/pdf;Snapshot:/Users/henrique/Zotero/storage/7BIAPPXW/citation.html:text/html}
}

@book{latour_ciencia_1987,
	title = {Ciência em Ação},
	author = {Latour, Bruno},
	date = {1987}
}

@book{latour_cogitamus_2010,
	title = {Cogitamus},
	author = {Latour, Bruno},
	date = {2010},
	file = {Resenha da Primeira Carta do Livro Cogitamus de Bruno Latour.pdf:/Users/henrique/Zotero/storage/H9EQX64M/Latour - 2010 - Cogitamus.pdf:application/pdf}
}

@thesis{feitosa_cidadao_2010,
	location = {Rio de Janeiro},
	title = {O cidadão codificado: A digitalização da cidadania em bancos de dados de interesse público},
	url = {http://objdig.ufrj.br/60/teses/coppe_m/PauloHenriqueFidelisFeitosa.pdf},
	institution = {{UFRJ}},
	type = {Msc},
	author = {Feitosa, Paulo Henrique Fidelis},
	date = {2010},
	file = {PauloHenriqueFidelisFeitosa.pdf:/Users/henrique/Zotero/storage/NKG5FDIP/PauloHenriqueFidelisFeitosa.pdf:application/pdf}
}

@thesis{jankowski_wikipedia_2013,
	title = {Wikipedia and Encyclopaedism: A genre analysis of epistemological values},
	shorttitle = {Wikipedia and Encyclopaedism},
	abstract = {This thesis considers how Wikipedia justifies, structures, and legitimizes its production of knowledge. To do so the thesis positions Wikipedia as a site of conflict over the epistemic values between its wiki and encyclopaedic traditions. Through the literature review, the wiki epistemology is argued to be composed of six values: self-identification, collaboration, co-construction, cooperation, trust in the community, and constructionism. While these values are explicit, encyclopaedism’s were not found to be equally defined. To fill this gap, the thesis conducts a genre analysis of encyclopaedism. It first identifies the genre through its communicative purposes to create a universal system of total knowledge and to use this system to educate the public. Second, an analysis of recurrent social contexts within Chambers’ Cyclopaedia (1728), Diderot \& d’Alembert’s Encyclope ́die (1751–72), the Encyclopaedia Britannica (1771–), and Wikipedia (2001–) finds that the communica- tive purposes are achieved through the use of five epistemic values: utility, systematic organization, authority, trust in experts, and consistency. Third, a comparison spanning 240 years between Wikipedia and the Britannica’s article headings finds that the value of systematic organization structures Wikipedia’s articles using seventeenth century categories of knowledge. Having established two sets of values that determine Wikipedia’s production of knowledge, the thesis sets the stage for future research to analyze how Wikipedia’s epistemology is articulated in its different production spaces. Ultimately, such research may not only describe the shifting values of Wikipedia’s epistemology but also explain how knowledge is transformed and produced in the network society.},
	institution = {Université d'Ottawa/University of Ottawa},
	type = {phdthesis},
	author = {Jankowski, Steven J.},
	date = {2013},
	file = {Full Text:/Users/henrique/Zotero/storage/R8EP2WJC/Jankowski - 2013 - Wikipedia and Encyclopaedism A genre analysis of .pdf:application/pdf}
}

@thesis{esteves_as_2014,
	title = {As controvérsias da ciência na Wikipédia em português: o caso do aquecimento global},
	type = {phdthesis},
	author = {Esteves, Bernardo},
	date = {2014},
	file = {BernardoEsteves-Tese-2014.pdf:/Users/henrique/Zotero/storage/V8C7YJD9/BernardoEsteves-Tese-2014.pdf:application/pdf}
}

@online{demo_conhecimento_2009,
	title = {Conhecimento Rebelde e Enquadrado - Novas epistemologias virtuais à luz da história da wikipedia},
	url = {http://pedrodemo.blogspot.com/2012/04/conhecimento-rebelde-e-enquadrado.html},
	abstract = {Estuda-se o estilo da wikipedia de produzir textos, dentro da promessa original de que "todos podem editar". A wikipedia é um fenômeno estrondoso de produção coletiva de uma encilopédia "livre". Ao mesmo tempo, porém, que demonstra esta face maravilhosa, também abriga todos os problemas traicionais de comunidades libertárias que acabam sendo enquadradas para poderem funcionar a contento. Mesmo assim, trata-se de proposta iluminada, à medida que promove a preferência pela autoridade do argumento, superando-se o argumento de autoridade. Esta virtude tem valor pedagógico inestimável, pois fomenta a cidadania que sabe pensar. Incomoda, porém, que, sendo o preço da liberdade seu abuso, a wikipedia esteja atrelada a modelos metodológicos positivistas, enredando-se em flagrantes contradições como a de insistir em "neutralidade" dos textos em meio a guerras ferozes de edição. Ao mesmo tempo, a wikipedia, por vezes, despreza textos feitos por especialistas, em nome de textos feitos pela "multidão". Seria o caso procurar um meio termo, tanto para não se aproximar demais da enciclopédia tradicional (compilação do que existe), quanto para não decair em amadorismos excessivos. Ao final, a wikipedia mostra que a cooperação humana é bem possível, ainda que sempre muito tumultuada. No mínimo, inventou um ambiente no qual se pode aprender coletivamente de maneira produtiva.},
	author = {Demo, Pedro},
	urldate = {2020-03-31},
	date = {2009},
	file = {Novas Epistemologias:/Users/henrique/Zotero/storage/HDEKDTNB/pub.html:text/html}
}

@thesis{severo_tics_2016,
	location = {Rio de Janeiro},
	title = {{TICs} E {TACs}: O refazimento de softwares e engenheiros no limiar entre as ciências e os segredos},
	url = {http://www.cos.ufrj.br/index.php/pt-BR/publicacoes-pesquisa/details/15/2634},
	abstract = {Como uma despretensiosa e nada comum palestra de escutatória com estudantes de engenharia pode nos levar a uma pesquisa de campo com crianças do Vale do Jequitinhonha? Como um princípio teórico chamado Teoria do Estilingue, ao invés de servir para “quebrar” epistemologias “cristalizadas”, serve para propor o desenvolvimento de softwares orientado a causas? A partir da vivência em dois campos de pesquisa, a saber, uma Fabriqueta de Softwares no sertão de Minas Gerais e uma Hackathon no Museu de Arte do Rio ({MAR}) no centro do Rio de Janeiro, esta dissertação apresenta articulações teóricas e metodológicas entre o pensamento de Paulo Freire, os estudos pós-coloniais de Walter Mignolo e as pedagogias do educador popular Tião Rocha. Além disso, esta pesquisa descreve como esses referenciais concomitantemente performaram a elaboração da ementa acadêmica teórica e a sua realização na prática, através de um experimento pedagógico, em uma disciplina do curso de Engenharia da Computação e Informação da Escola Politécnica da {UFRJ}.},
	institution = {{UFRJ}},
	type = {Msc},
	author = {Severo, Fernando Gonçalves},
	date = {2016},
	file = {2634.pdf:/Users/henrique/Zotero/storage/5PHTP6I5/2634.pdf:application/pdf;Dissertação Fernando Severo VERSAO FINAL pos defesa versão CTS Brasil.pdf:/Users/henrique/Zotero/storage/ESAEE7P8/Dissertação Fernando Severo VERSAO FINAL pos defesa versão CTS Brasil.pdf:application/pdf}
}

@article{halfaker_bots_2012,
	title = {Bots and cyborgs: Wikipedia's immune system},
	volume = {45},
	shorttitle = {Bots and cyborgs},
	pages = {79--82},
	number = {3},
	journaltitle = {Computer},
	author = {Halfaker, Aaron and Riedl, John},
	date = {2012},
	file = {Halfaker and Riedl - 2012 - Bots and cyborgs Wikipedia's immune system.pdf:/Users/henrique/Zotero/storage/G4J7FAIB/Halfaker and Riedl - 2012 - Bots and cyborgs Wikipedia's immune system.pdf:application/pdf}
}

@inproceedings{halfaker_snuggle:_2014,
	location = {Toronto, Ontario, Canada},
	title = {Snuggle: designing for efficient socialization and ideological critique},
	isbn = {978-1-4503-2473-1},
	url = {http://dl.acm.org/citation.cfm?doid=2556288.2557313},
	doi = {10.1145/2556288.2557313},
	shorttitle = {Snuggle},
	abstract = {Wikipedia, the encyclopedia “anyone can edit”, has become increasingly less so. Recent academic research and popular discourse illustrates the often aggressive ways newcomers are treated by veteran Wikipedians. These are complex sociotechnical issues, bound up in infrastructures based on problematic ideologies. In response, we worked with a coalition of Wikipedians to design, develop, and deploy Snuggle, a new user interface that served two critical functions: making the work of newcomer socialization more effective, and bringing visibility to instances in which Wikipedians current practice of gatekeeping socialization breaks down. Snuggle supports positive socialization by helping mentors quickly ﬁnd newcomers whose good-faith mistakes were reverted as damage. Snuggle also supports ideological critique and reﬂection by bringing visibility to the consequences of viewing newcomers through a lens of suspiciousness.},
	eventtitle = {the 32nd annual {ACM} conference},
	pages = {311--320},
	booktitle = {Proceedings of the 32nd annual {ACM} conference on Human factors in computing systems - {CHI} '14},
	publisher = {{ACM} Press},
	author = {Halfaker, Aaron and Geiger, R. Stuart and Terveen, Loren G.},
	urldate = {2018-10-20},
	date = {2014},
	langid = {english},
	file = {Halfaker et al. - 2014 - Snuggle designing for efficient socialization and.pdf:/Users/henrique/Zotero/storage/P23EW63E/Halfaker et al. - 2014 - Snuggle designing for efficient socialization and.pdf:application/pdf}
}

@book{halfaker_artificial_2015,
	title = {Artificial Intelligence Service “{ORES}” Gives Wikipedians X-Ray Specs to See Through Bad Edits},
	author = {Halfaker, Aaron and Taraborelli, Dario},
	date = {2015},
	file = {Fulltext:/Users/henrique/Zotero/storage/JBAI2GKY/artificial-intelligence-x-ray-specs.html:text/html;Snapshot:/Users/henrique/Zotero/storage/MHPZRB3V/artificial-intelligence-x-ray-specs.html:text/html}
}


@online{harris_2010_2010,
	title = {2010 Wikimedia Study of Controversial Content},
	url = {https://meta.wikimedia.org/wiki/2010_Wikimedia_Study_of_Controversial_Content},
	author = {Harris, Robert and Carr-Harris, Dory},
	urldate = {2020-04-22},
	date = {2010},
	file = {2010 Wikimedia Study of Controversial Content - Meta:/Users/henrique/Zotero/storage/53ITX3WB/2010_Wikimedia_Study_of_Controversial_Content.html:text/html}
}

@article{taraborelli_expert_2011,
	title = {Expert participation on Wikipedia : Barriers and opportunities},
	pages = {21},
	author = {Taraborelli, Dario and Mietchen, Daniel and Alevizou, Panagiota and Gill, Alastair J},
	date = {2011},
	langid = {english},
	file = {Taraborelli et al. - Expert participation on Wikipedia  Barriers and o.pdf:/Users/henrique/Zotero/storage/HTDN2K33/Taraborelli et al. - Expert participation on Wikipedia  Barriers and o.pdf:application/pdf}
}

@article{marques_wikipedia_2013,
	title = {A Wikipédia como diálogo entre universidade e sociedade: uma experiência em extensão universitária},
	volume = {1},
	rights = {Direitos autorais 2016 Anais do Workshop de Informática na Escola},
	issn = {2316-6541},
	url = {http://www.br-ie.org/pub/index.php/wie/article/view/2617},
	doi = {10.5753/cbie.wie.2013.%p},
	shorttitle = {A Wikipédia como diálogo entre universidade e sociedade},
	abstract = {The paper presents an experience with critical reading and edition of Portuguese Wikipedia articles in the university, in extension activities, conducted at the Federal University of Rio de Janeiro State (Unirio), in 2012. Different types of activities were introduced, from 4h workshops to longer term courses, for both broader audiences and university students by field of study. The goal of the activities was to excercise critical proficiency in reading and writing skills, offering and adapting for the regular Wikipedia user academic knowledge produced in undergraduate and graduate levels.},
	pages = {70},
	number = {1},
	journaltitle = {Anais do Workshop de Informática na Escola},
	author = {Marques, Juliana Bastos and Louvem, Otavio Saraiva},
	urldate = {2018-10-09},
	date = {2013},
	langid = {portuguese},
	file = {Full Text PDF:/Users/henrique/Zotero/storage/HPIZAUXL/Marques and Louvem - 2013 - A Wikipédia como diálogo entre universidade e soci.pdf:application/pdf;Snapshot:/Users/henrique/Zotero/storage/M9T45HEU/2617.html:text/html}
}

@article{rosenzweig_can_2006,
	title = {Can History Be Open Source? Wikipedia and the Future of the Past},
	volume = {93},
	issn = {0021-8723},
	url = {https://academic.oup.com/jah/article/93/1/117/813367},
	doi = {10.2307/4486062},
	shorttitle = {Can History Be Open Source?},
	abstract = {History is a deeply individualistic craft. The singly authored work is the standard for the profession; only about 6 percent of the more than 32,000 scholarly w},
	pages = {117--146},
	number = {1},
	journaltitle = {Journal of American History},
	shortjournal = {J Am Hist},
	author = {Rosenzweig, Roy},
	urldate = {2019-03-28},
	date = {2006-06-01},
	langid = {english},
	file = {Rosenzweig - Can History Be Open Source Wikipedia and the Futu.pdf:/Users/henrique/Zotero/storage/JDE4J99A/Rosenzweig - Can History Be Open Source Wikipedia and the Futu.pdf:application/pdf;Snapshot:/Users/henrique/Zotero/storage/MIEBKAPF/813367.html:text/html}
}

@article{marques_trabalhando_2012,
	title = {Trabalhando com a história romana na Wikipédia: uma experiência em conhecimento colaborativo na universidade},
	volume = {2},
	url = {http://rhhj.anpuh.org/RHHJ/article/view/70},
	shorttitle = {Trabalhando com a história romana na Wikipédia},
	pages = {329--346},
	number = {3},
	journaltitle = {Revista História Hoje},
	author = {Marques, Juliana Bastos},
	urldate = {2017-08-22},
	date = {2012},
	file = {[PDF] anpuh.org:/Users/henrique/Zotero/storage/D9NHPZNX/Marques - 2012 - Trabalhando com a história romana na Wikipédia um.pdf:application/pdf;Snapshot:/Users/henrique/Zotero/storage/5UQIRLCX/70.html:text/html}
}

@book{lih_wikirevolution_2009,
	title = {The Wikipedia revolution: How a bunch of nobodies created the world’s greatest encyclopedia},
	isbn = {978-1401303716},
    pagetotal = {209},
	publisher = {Hyperion},
	author = {Lih, Andrew},
	date = {2009},
	langid = {english}
}

@article{raymond_cathedral_1999,
	title = {The cathedral and the bazaar},
	volume = {12},
	pages = {23--49},
	number = {3},
	journaltitle = {Knowledge, Technology \& Policy},
	author = {Raymond, Eric},
	date = {1999},
	file = {Fulltext:/Users/henrique/Zotero/storage/ZECHW772/499.html:text/html;Snapshot:/Users/henrique/Zotero/storage/SMVBC5Z2/s12130-999-1026-0.html:text/html}
}

@online{wikimedia_stats_2019,
	title = {Wikimedia Statistics},
	url = {https://stats.wikimedia.org},
	author = {Wikimedia},
	urldate = {2019-08-30},
	date = {2019}
}

@online{wikimedia_stats_2020,
	title = {Wikimedia Statistics},
	url = {https://stats.wikimedia.org/#/pt.wikipedia.org/contributing/active-editors/normal|line|2-year|~total|monthly},
	author = {Wikimedia},
	urldate = {2020-11-12},
	date = {2020}
}


@interview{cadunico_2020,
	title = {Entrevista presencial},
	author = {Cadunico, Carlos Eduardo Mattos da Cruz},
	date = {2020-02-06},
	location = {Rio de Janeiro}
}

@online{quarry_edit_mediawiki_namespace,
    title = {Edits in MediaWiki namespace - Quarry},
    author =  {HenriqueCrang},
    url = {https://quarry.wmflabs.org/query/47254},
    urldate = {2020-11-05},
    date = {2020-08-05}
}

@online{quarry_edit_mediawiki_talk_namespace,
    title = {Edits in MediaWiki Talk namespace - Quarry},
    author =  {HenriqueCrang},
    url = {https://quarry.wmflabs.org/query/47255},
    urldate = {2020-11-05},
    date = {2020-08-05}
}

@online{quarry_edit_sbl_talk_page,
    title = {Who edits in SBL talk page - Quarry},
    author =  {HenriqueCrang},
    url = {https://quarry.wmflabs.org/query/47256},
    urldate = {2020-11-05},
    date = {2020-08-05}
}

@online{quarry_edit_swl_talk_page,
    title = {Who edits in SWL talk page - Quarry},
    author =  {HenriqueCrang},
    url = {https://quarry.wmflabs.org/query/47258},
    urldate = {2020-11-05},
    date = {2020-08-05}
}

@online{quarry_only_1edit_swl_talk_page,
    title = {User with only 1edit in SWL talk page - Quarry},
    author =  {HenriqueCrang},
    url = {https://quarry.wmflabs.org/query/47259},
    urldate = {2020-11-05},
    date = {2020-08-05}
}

@online{quarry_only_1edit_sbl_talk_page,
    title = {User with only 1edit in SBL talk page - Quarry},
    author =  {HenriqueCrang},
    url = {https://quarry.wmflabs.org/query/47260},
    urldate = {2020-11-05},
    date = {2020-08-05}
}

@online{extension_abuse_filter,
    title = {Wikiapiary: Abuse Filter (ID: 616)},
    author = {Andrew Garrett, Daimona Eaytoy, Marius Hoch, River Tarnell, Victor Vasiliev},
    url = {https://wikiapiary.com/wiki/Extension:Abuse_Filter},
    urldate = {2020-11-05},
    date = {2014-01-07}
}

@online{enable_global_abusefilters_ptwiki,
    title = {Enable Global AbuseFilters on ptwiki - Phabricator},
    author = {He7d3r},
    url = {https://phabricator.wikimedia.org/T140395},
    urldate = {2020-11-05},
    date = {2016-07-14}
}

@online{quarry_filters_count,
    title = {Filters count - Quarry},
    author =  {HenriqueCrang},
    url = {https://quarry.wmflabs.org/query/47328},
    urldate = {2020-11-05},
    date = {2020-08-10}
}

@online{quarry_warn_disallow_filter_actions,
    title = {Warn and disallow filter actions - Quarry},
    author =  {HenriqueCrang},
    url = {https://quarry.wmflabs.org/query/47331},
    urldate = {2020-11-05},
    date = {2020-08-10}
}

@online{quarry_warn_disallow_filter_actions_visibility,
    title = {Warn and disallow filter actions by visibility - Quarry},
    author =  {HenriqueCrang},
    url = {https://quarry.wmflabs.org/query/47333},
    urldate = {2020-11-05},
    date = {2020-08-10}
}

@online{quarry_most_hit_filters,
    title = {Most hit filters - Quarry},
    author =  {HenriqueCrang},
    url = {https://quarry.wmflabs.org/query/47260},
    urldate = {2020-11-05},
    date = {2020-08-10}
}

@online{quarry_users_evaluating_filters,
    title = {Users evaluating filters - Quarry},
    author =  {HenriqueCrang},
    url = {https://quarry.wmflabs.org/query/47477},
    urldate = {2020-11-05},
    date = {2020-08-17}
}

@online{extension_confirm_edit,
    title = {Wikiapiary: Extension:ConfirmEdit },
    author = {Brion Vibber, Florian Schmidt, Sam Reed},
    url = {https://wikiapiary.com/wiki/Extension:ConfirmEdit},
    urldate = {2020-11-05},
    date = {2020-08-18}
}

@online{remove_ptwiki_ptwikinews_captcha_mode,
    title = {Remove ptwiki and ptwikinews from Emergency Captcha mode - Phabricator},
    author = {Platonides},
    url = {https://phabricator.wikimedia.org/T43745},
    urldate = {2020-11-10},
    date = {2014-11-22}
}

@online{remove_ptwiki_ptwikinews_captcha_mode_gerrit,
    title = {Remove ptwiki, ptwikinews from EmergencyCaptcha - Gerrit},
    author = {Tomasz W. Kozlowski},
    url = {https://gerrit.wikimedia.org/r/c/operations/mediawiki-config/+/58081/},
    urldate = {2020-11-10},
    date = {2013-04-09}
}

@online{quarry_edits_page_year,
    title = {Edits in a page per year - Quarry},
    author =  {HenriqueCrang},
    url = {https://quarry.wmflabs.org/query/31317},
    urldate = {2020-11-10},
    date = {2018-11-18}
}

@article{bialous_sztuczne_2017,
	title = {Sztuczne jezyki wobec mediow społecznosciowych},
	abstract = {The main subject of this article is the condition of artificial languagesin contemporary social media. An analysis of the available statistics of {YouTube}, Wikipedia and Facebook shows the unwavering position of Esperanto as the most common artificial language. Other artificial languages, primarily auxiliary languages created in the 19th and 20th centuries, such as volapük, ido, novial, interlingua, interlingue, find their niches in social media, but their presence seems to be supported by very narrow groups of enthusiasts. Contemporary artificial language projects, such as lojban or toki pona are in a similar position. Although Internet is the natural environment for their development, they have not managed to gain wider popularity among users. Certainly, artistic languages embedded in well-known popular culture texts find a great resonance among the internauts, as shows the examples of Klingon and Sindarin languages mentioned in the article.},
	pages = {167--181},
	journaltitle = {Pogranicze},
	author = {Bialous, Maciej},
	date = {2017},
	file = {Full Text:/Users/henrique/Zotero/storage/8CZQ3Z4W/Bialous - 2017 - Sztuczne jezyki wobec mediow spolecznosciowych.pdf:application/pdf;Snapshot:/Users/henrique/Zotero/storage/YSYU6DAI/bwmeta1.element.html:text/html}
}

@online{quarry_close_wikipedias,
    title = {Closed Wikipedias - Quarry},
    author =  {HenriqueCrang},
    url = {https://quarry.wmflabs.org/query/39059},
    urldate = {2020-11-10},
    date = {2020-04-09}
}

@unpublished{cukierman_uma_2011,
	location = {Rio de Janeiro},
	title = {Uma contribuição para o debate, programada para a Primeira Mesa},
	url = {http://intervox.nce.ufrj.br/hcte-sbhc-2011/contribuicoes.html},
	note = {Avaliação da produção científica brasileira: pensando com a história das ciências},
	author = {Cukierman, Henrique},
	urldate = {2020-07-03},
	date = {2011-06-09}
}

@incollection{marques_2005,
    location = {Porto Alegre},
    title ={Engenharias brasileiras e a recepção de fatos e artefatos.},
    editor = {LIANZA, Sidney; ADDOR, Felipe},
    booktitle ={Tecnologia e desenvolvimento social e solidário},
    pages = {pp. 13-25},
    publisher = {Editora da UFRGS},
    address = {Porto Alegre},
    author = {MARQUES, Ivan da Costa.},
    date = {2005}
}


@inproceedings{laniado_emotions_2012,
	title = {Emotions and dialogue in a peer-production community: the case of Wikipedia.},
	shorttitle = {Emotions and dialogue in a peer-production community},
	pages = {9},
	booktitle = {{WikiSym}},
	publisher = {Citeseer},
	author = {Laniado, David and Kaltenbrunner, Andreas and Castillo, Carlos and Morell, Mayo Fuster},
	date = {2012},
	file = {Full Text:/Users/henrique/Zotero/storage/Y2E6XM34/Laniado et al. - 2012 - Emotions and dialogue in a peer-production communi.pdf:application/pdf}
}

@article{generous_global_2014,
	title = {Global disease monitoring and forecasting with Wikipedia},
	volume = {10},
	url = {http://journals.plos.org/ploscompbiol/article?id=10.1371/journal.pcbi.1003892},
	pages = {e1003892},
	number = {11},
	journaltitle = {{PLoS} computational biology},
	author = {Generous, Nicholas and Fairchild, Geoffrey and Deshpande, Alina and Del Valle, Sara Y. and Priedhorsky, Reid},
	urldate = {2017-08-22},
	date = {2014},
	file = {[HTML] plos.org:/Users/henrique/Zotero/storage/2TH423EY/article.html:text/html;journal.pcbi.1003892.PDF:/Users/henrique/Zotero/storage/ZYNICNBF/journal.pcbi.1003892.PDF:application/pdf}
}

@misc{noauthor_site_2013,
	title = {Site da Contropedia},
	url = {http://www.medialab.sciences-po.fr/projets/contropedia/},
	date = {2013}
}

@inproceedings{borra_societal_2015,
	title = {Societal controversies in Wikipedia articles},
	url = {http://dl.acm.org/citation.cfm?id=2702436},
	pages = {193--196},
	booktitle = {Proceedings of the 33rd annual {ACM} conference on human factors in computing systems},
	publisher = {{ACM}},
	author = {Borra, Erik and Weltevrede, Esther and Ciuccarelli, Paolo and Kaltenbrunner, Andreas and Laniado, David and Magni, Giovanni and Mauri, Michele and Rogers, Richard and Venturini, Tommaso},
	urldate = {2017-08-02},
	date = {2015},
	file = {[PDF] de uva.nl:/Users/henrique/Zotero/storage/LU8UPJ9I/Borra et al. - 2015 - Societal controversies in Wikipedia articles.pdf:application/pdf;Snapshot:/Users/henrique/Zotero/storage/JGLLPJD5/citation.html:text/html}
}

@article{venturini_building_2012,
	title = {Building on faults: how to represent controversies with digital methods},
	volume = {21},
	shorttitle = {Building on faults},
	pages = {796--812},
	number = {7},
	journaltitle = {Public understanding of science},
	author = {Venturini, Tommaso},
	date = {2012},
	file = {[HTML] sagepub.com:/Users/henrique/Zotero/storage/2UMN9IVC/0963662510387558.html:text/html}
}

@article{venturini_diving_2010,
	title = {Diving in magma: how to explore controversies with actor-network theory},
	volume = {19},
	issn = {0963-6625, 1361-6609},
	url = {http://journals.sagepub.com/doi/10.1177/0963662509102694},
	doi = {10.1177/0963662509102694},
	shorttitle = {Diving in magma},
	pages = {258--273},
	number = {3},
	journaltitle = {Public Understanding of Science},
	author = {Venturini, Tommaso},
	urldate = {2019-02-21},
	date = {2010-05},
	langid = {english},
	file = {Venturini - 2010 - Diving in magma how to explore controversies with.pdf:/Users/henrique/Zotero/storage/PBR93SG6/Venturini - 2010 - Diving in magma how to explore controversies with.pdf:application/pdf}
}

@inproceedings{de_andrade_controversias_2017,
	location = {Niterói},
	title = {Controvérsias na Wikipédia lusófona: pode o olhar {CTS} ser apoiado por ferramentas quantitativas?},
	url = {http://sgc.wikibrasil.org/index.php/iwsc/2017/schedConf/presentations},
	abstract = {O presente estudo revisa esforços prévios de mapeamentos de controvérsias na Wikipédia e analisa o funcionamento da ferramenta Contropedia, explicitando suas funcionalidades e a utilizando para observar algumas controvérsias, a fim de entender como ferramentas quantitativas podem apoiar estudos de controvérsias que utilizem abordagens {CTS}.},
	eventtitle = {I {IWSC}},
	author = {de Andrade, Henrique},
	date = {2017},
	file = {66-233-1-PB (1).odt:/Users/henrique/Zotero/storage/7E78G8NQ/66-233-1-PB (1).odt:application/vnd.oasis.opendocument.text}
}

@inproceedings{andrade_historias_2017,
	location = {Brasília},
	title = {Histórias das ciências para todos: uma prática de escrita biográfica na Wikipédia em português},
	abstract = {"Chamava-se Horácio José da Silva, mas, que importava?" (Cukierman, 2007) A frase se refere ao Prata Preta, um negro e pobre que fora considerado um dos líderes da Revolta da Vacina, movimento acontecido no Rio de Janeiro em 1904 que teve grande influêcia na construção sociotécnica da ciência brasileira, mas a quantos outros anônimos da história da ciência e tecnologia brasileira ela não poderia se referir? Como se faz Educação em Ciências crítica e interdisciplinar em um país com tantos atores sem voz? Em espaços populares, fora das salas de aulas dos programas de pós-graduação, quais histórias são contadas e quais versões são aprendidas?

Tradicionalmente uma fonte de conhecimento paracientífico do grande público são as enciclopédias, e hoje sendo "sexto site mais visitado do mundo, a Wikipédia é amplamente usada como fonte de referência por estudantes e profissionais de horizonte variado" ({COSTA}, 2014)Portanto, seria esperado que na Wikipédia existissem biografias das figuras que fazem parte dessa história. Porém, ao se a iniciar a disciplina "Estudos {CTS} (Ciências-Tecnologias-Sociedades): aproximações brasileiras e latino-americanas" ministrada no Programa de Engenharia de Sistemas e Computação da {COPPE}/{UFRJ} no 2o período de 2017, percebeu-se que o verbete sobre uma figura como o Prata Preta possuia apenas 1754 bytes, sendo a metade deles sobre um bloco de carnaval que leva seu nome, e que cientistas como Amílcar Herrera nem mesmo possuiam verbete iniciado na edição lusófona da enciclopédia.

Dado esse cenário o presente artigo pretende explorar a seguinte questão: poderia uma disciplina sobre estudos {CTS} no Brasil e na América Latina  ser um catalisador para a escrita de biografias na Wikipédia que se tornem uma contribuição bibliográfica para o ensino de ciência e tecnologia em português?},
	eventtitle = {Esocite.{BR}},
	author = {Andrade, Henrique},
	date = {2017}
}

@article{law_traduction/trahison:_2006,
	title = {Traduction/trahison: Notes on {ANT}},
	volume = {13},
	issn = {1405-1435},
	url = {http://www.scielo.org.mx/scielo.php?script=sci_arttext&pid=S1405-14352006000300004&lng=es&nrm=iso},
	shorttitle = {Traduction/trahison},
	abstract = {What would it be to "speak for" a theory or a tradition in Science, Technology and Society? What would it be to 'represent' that theory? To offer an account? An authoritative account of its character, its development, its strengths and its weaknesses? Sometimes I am faced with this question. I am asked to speak for actor network theory. To tell about it. To offer a verdict. When this happens I feel uncomfortable. For the request poses a problem. The problem of what it is to be a "faithful representative". And in particular with what it might mean to "represent" a theory that talks of representation in terms of translation. Which seeks to undermine the very idea that there might be such a thing as fidelity. Faithful translation. Which stresses that all representation also betrays its object. Perhaps there is no good answer. Or perhaps, there are many. But here is one possibility. That one might represent actor network theory by performing it rather than summarising it. By exploring a small number of case studies rather than seeking to uncover its "fundamental rules". By telling of examples that are both faithful and unfaithful. By stressing that traduction is also trahison.},
	pages = {47--72},
	number = {42},
	journaltitle = {Convergencia},
	author = {Law, John},
	urldate = {2020-03-09},
	date = {2006},
	file = {Fulltext:/Users/henrique/Zotero/storage/3AJAIGJT/scielo.html:text/html;Snapshot:/Users/henrique/Zotero/storage/5TZP9PL6/scielo.html:text/html}
}

@article{law_notes_1992,
	title = {Notes on the theory of the actor-network: Ordering, strategy, and heterogeneity},
	volume = {5},
	issn = {0894-9859, 1573-9295},
	url = {http://link.springer.com/10.1007/BF01059830},
	doi = {10.1007/BF01059830},
	shorttitle = {Notes on the theory of the actor-network},
	pages = {379--393},
	number = {4},
	journaltitle = {Systems Practice},
	author = {Law, John},
	urldate = {2018-10-29},
	date = {1992-08},
	langid = {english},
	file = {Law - 1992 - Notes on the theory of the actor-network Ordering.pdf:/Users/henrique/Zotero/storage/WC6WADHK/Law - 1992 - Notes on the theory of the actor-network Ordering.pdf:application/pdf}
}

@unpublished{da_costa_marques_historia_2016,
	location = {Rio de Janeiro},
	title = {História das Ciências, Estudos {CTS} e os Brasis},
	type = {Conference Opening},
	howpublished = {Conference Opening},
	note = {Scientiarum Historia {IX}},
	author = {da Costa Marques, Ivan},
	date = {2016-11-09},
	file = {Ivan ESTE RECENTE Texto abertura Scientiarum Historia (09-11-2016) R.pdf:/Users/henrique/Zotero/storage/6GXD3N29/Ivan ESTE RECENTE Texto abertura Scientiarum Historia (09-11-2016) R.pdf:application/pdf}
}

@article{lima_da_2011,
	title = {Da integração das Américas a um cemitério de pipas: a construção de um projeto de inclusão digital na Favela da Maré},
	volume = {6},
	issn = {1850-0013},
	url = {http://www.revistacts.net/volumen-6- numero-18/103-dossier/410-da-integracao-das-americas-a-um-cemiterio-de- pipas-a-construcao-de-um-projeto-de-inclusao-digital-na-favela-da-mare},
	shorttitle = {{CTS}, Cienc. tecnol. soc.},
	abstract = {Este artigo tem como objetivo construir a história de um projeto que conectou centros de infor-mática da Maré, favela da cidade do Rio de Janeiro, à Rede Rio, rede de computadores forma-da pelas principais instituições de pesquisa do estado do Rio de Janeiro. Os laboratórios foram conectados através de links sem fio, em um movimento que configurou uma rede de atores composta pela Universidade Federal do Rio de Janeiro, pela instituição governamental cana-dense Instituto Para a Conectividade nas Américas ({ICA}), por organizações não-governamentais ({ONG}), roteadores, antenas, moradores da Maré, dentre outros. Fazendo uso da Teoria Ator-Rede, procura-se mapear as traduções que fizeram do projeto uma entidade inicialmente estabilizada, bem como as mudanças nestas traduções que desestabilizaram-no alguns poucos anos depois.},
	pages = {183--197},
	number = {18},
	journaltitle = {Revista Iberoamericana de Ciência, Tecnologia y Sociedad},
	author = {Lima, Alberto Jorge Silva de and Cukierman, Henrique L.},
	date = {2011},
	file = {Cukierman.pdf:/Users/henrique/Zotero/storage/ZVN6ZJM2/Cukierman.pdf:application/pdf}
}

@article{pinheiro_free_2004,
	title = {Free Software: some Brazilian translations},
	volume = {9},
	url = {https://doi.org/10.5210/fm.v9i11.1189},
	shorttitle = {Free Software},
	abstract = {In this paper, we want to relate two histories; a North American history, in which we detach the bonds between the conception and the diffusion of free software with the founding principles of North American civil movements for democracy; and a Brazilian history, in which we intend to verify how the proposal for the adoption of free software by the government became an important part for the public strategy of development retaking and affirmation of technological autonomy. We intend to see how democratic ideals defended by the free software movement are translated into Brazilian politics in such a way that it can contribute to a new stage of free software development and also to a stronger democracy.},
	number = {11},
	journaltitle = {First Monday},
	author = {Pinheiro, Alexandre Silva and Cukierman, Henrique Luiz},
	date = {2004},
	file = {Full Text:/Users/henrique/Zotero/storage/ZXDWPLX8/Pinheiro and Cukierman - Free Software some Brazilian translations.pdf:application/pdf}
}

@thesis{goncalves_as_2016,
	location = {Rio de Janeiro},
	title = {As promessas das {TICs} para a gestão do {SUS}: uma reflexão sociotécnica sobre a implantação de um software para a Estratégia de Saúde da Família},
	abstract = {A despeito dos avanços alcançados desde o início dos anos 1990, o Sistema
Único de Saúde ({SUS}) ainda enfrenta enormes desafios para atingir as desejadas
universalidade, integralidade e equidade na atenção à saúde da população
brasileira. Nesse cenário, uma das promessas atuais para a solução dos problemas
de gestão no setor de saúde é o uso das Tecnologias da Informação e da
Comunicação ({TICs}). Em especial, existe a expectativa de que prontuários
eletrônicos possam integrar as informações dos pacientes nos diversos níveis de
atenção à saúde. Esta dissertação apresenta uma reflexão sociotécnica, utilizando
abordagens dos Estudos das Ciências-Tecnologias-Sociedades ({CTS}), sobre os
chamados Sistemas de Informação em Saúde ({SISs}), a partir do caso situado da
customização de um software para apoio às atividades da Estratégia de Saúde da
Família em alguns bairros do município do Rio de Janeiro. Este caso apontou para
um descompasso entre as expectativas depositadas nas {TICs} – tradicionalmente
tomadas como ferramentas benéficas-universais-neutras – e os resultados obtidos
após cinco anos de projeto. Este trabalho também aborda as consequências do uso
dos {SISs} no fazer médico e na gestão dos serviços de saúde, através de discussões
sobre controle versus autonomia, padronização versus multiplicidade e centro
versus periferia no âmbito da estrutura hierárquica do {SUS}.},
	institution = {{UFRJ}},
	type = {Msc},
	author = {Gonçalves, José Marcos Silveira},
	date = {2016},
	file = {2633.pdf:/Users/henrique/Zotero/storage/RBLIZK5G/2633.pdf:application/pdf}
}

@thesis{lima_inclusoes_2013,
	location = {Rio de Janeiro},
	title = {Inclusões digitais e desenvolvimento social: uma narrativa sociotécnica sobre telecentros, lan houses e políticas públicas},
	url = {https://is.cos.ufrj.br/wp-content/uploads/2015/12/AlbertoJorgeSilvaDeLima.pdf},
	abstract = {Esta dissertação, baseada nos Estudos Sociais das Ciências e das Tecnologias
(Estudos {CTS}), procura colocar em cena, em uma perspectiva sociotécnica, duas
histórias brasileiras: o legado do Programa Casa Brasil como observado em três
telecentros da cidade do Rio de Janeiro – localizados no Complexo do Alemão, em
Vigário Geral e na Prefeitura do Rio – e a controvérsia acerca do lugar das lan houses
nas ações públicas de inclusão digital. As escolhas da metodologia e dos casos emergem
da necessidade de se reconhecer a centralidade das Tecnologias da Informação e da
Comunicação ({TICs}) nas redes que constituem as sociedades informacionais, bem como
da necessidade de se pautar a política das tecnologias nas políticas públicas de inclusão
digital. No percurso de pesquisa, a retórica da inclusão digital é problematizada através
do exame das múltiplas (in)determinações existentes entre o acesso às {TICs} e a
superação de desigualdades socioeconômicas. O objetivo central é traçar alguns perfis
das ações de inclusão digital no Brasil e contribuir para a construção de políticas
públicas sensíveis à agência dos artefatos, ao valor do conhecimento local e à
complexidade da vida.},
	institution = {{UFRJ}},
	type = {Msc},
	author = {Lima, Alberto Jorge Silva de},
	date = {2013},
	file = {AlbertoJorgeSilvaDeLima.pdf:/Users/henrique/Zotero/storage/ZY5FP7JI/AlbertoJorgeSilvaDeLima.pdf:application/pdf}
}

@thesis{primo_o_2017,
	title = {O discurso do global nas comunidades de software livre: estudo de caso do {WordPress}},
	type = {phdthesis},
	author = {Primo, Rodrigo},
	date = {2017},
	file = {Dissertação (1).pdf:/Users/henrique/Zotero/storage/YW7NPJHA/Dissertação (1).pdf:application/pdf}
}

@article{stallman_free_2010,
	title = {Free Software, Free Society},
	pages = {305},
	author = {Stallman, Richard M},
	date = {2010},
	langid = {english},
	file = {Stallman - Free Software, Free Society.pdf:/Users/henrique/Zotero/storage/UE82Y78K/Stallman - Free Software, Free Society.pdf:application/pdf}
}

@inproceedings{scacchi_future_2010,
	title = {The future of research in free/open source software development},
	abstract = {Free/Open Source Software ({FOSS}) development is not the same an Software Engineering ({SE}). Why this is so is unclear and open to various interpretations. Both address the challenges of developing large software systems, but the development processes, work practices, and project forms differ significantly and in interesting ways according to recent empirical studies. This paper reports on highlights from a workshop held in early 2010 on the future of research in {FOSS}, and how such research relates to or informs our understanding of {FOSS} and {SE}, collaborative software development work, software evolution, and new software ecosystems. {FOSS} and {SE} are complementary in many ways, yet different in others, so understanding these complements and differences can help advance the future of research in both {FOSS} and {SE}. Some of these complements and differences are identified in this paper.},
	pages = {315--320},
	booktitle = {Proceedings of the {FSE}/{SDP} workshop on Future of software engineering research},
	publisher = {{ACM}},
	author = {Scacchi, Walt},
	date = {2010},
	file = {Fulltext:/Users/henrique/Zotero/storage/QLX84QP3/Scacchi - 2010 - The future of research in freeopen source softwar.pdf:application/pdf;Snapshot:/Users/henrique/Zotero/storage/XZEY3MS7/citation.html:text/html}
}

@article{mockus_two_2002,
	title = {Two case studies of open source software development: Apache and Mozilla},
	volume = {11},
	shorttitle = {Two case studies of open source software development},
	pages = {309--346},
	number = {3},
	journaltitle = {{ACM} Transactions on Software Engineering and Methodology ({TOSEM})},
	author = {Mockus, Audris and Fielding, Roy T. and Herbsleb, James D.},
	date = {2002},
	file = {Fulltext:/Users/henrique/Zotero/storage/AL9PFFW4/Mockus et al. - 2002 - Two case studies of open source software developme.pdf:application/pdf;Snapshot:/Users/henrique/Zotero/storage/CBIRJ24L/citation.html:text/html}
}

@unpublished{archuby_experiencias_2018,
	title = {Experiencias en la interacción de la docencia universitaria y la cultura libre. El uso de Wikipedia y otros proyectos de Wikimedia en la enseñanza de las ciencias de la Tierra.},
	url = {https://upload.wikimedia.org/wikipedia/commons/0/09/Experiencia_Wikimedia_y_Universidad_P\%C3\%BAblica.pdf},
	author = {Archuby, Fernando M. and Ferrante, Luisina and Guastavino, Florencia and Argentina, Wikimedia},
	date = {2018},
	file = {Full Text:/Users/henrique/Zotero/storage/G7A6BJPH/Archuby et al. - Experiencias en la interacción de la docencia univ.pdf:application/pdf}
}

@article{carver_assigning_2012,
	title = {Assigning Students to Edit Wikipedia: four case studies},
	volume = {9},
	shorttitle = {Assigning Students to Edit Wikipedia},
	pages = {273--283},
	number = {3},
	journaltitle = {E-learning and Digital Media},
	author = {Carver, Brian W. and Davis, Rochelle and Kelley, Robin T. and Obar, Jonathan A. and Davis, Lianna L.},
	date = {2012},
	file = {Full Text:/Users/henrique/Zotero/storage/UKHPUIBZ/Carver et al. - 2012 - Assigning Students to Edit Wikipedia four case st.pdf:application/pdf;Snapshot:/Users/henrique/Zotero/storage/SZVJY6JM/elea.2012.9.3.html:text/html}
}

@article{soler-adillon_wikipedia_2018,
	title = {Wikipedia in higher education: Changes in perceived value through content contribution},
	volume = {26},
	issn = {1134-3478},
	url = {https://www.revistacomunicar.com/indice-en/articulo.php?numero=54-2018-04},
	doi = {10.3916/C54-2018-04},
	shorttitle = {Wikipedia in higher education},
	abstract = {Wikipedia is a widely used resource by university students, but it is not necessarily regarded as being reliable and trustworthy by them, nor is it seen as a context in which to make content contributions. This paper presents a teaching and research project that consisted in having students edit or create Wikipedia articles and testing whether or not this experience changed their perceived value of the platform. We conducted our experience at Universitat Pompeu Fabra (Barcelona, Spain) and University of Niš (Niš, Serbia) with a total number of 240 students. These students edited articles and answered two questionnaires, one before and one after the exercise. We compared the pre and post experience answers to the questionnaires with a series of paired samples ttests, through which our data showed that students did significantly change their perception of reliability and usefulness, and of likeliness of finding false information on Wikipedia. Their appreciation of the task of writing Wikipedia articles, in terms of it being interesting and challenge also increased. They did not significantly change, however, their judgement on the social value of the platform, neither in the university nor in the general context. In addition, the open questions and informal feedback allowed us to gather valuable insights towards the evaluation of the overall experience},
	pages = {39--48},
	number = {54},
	journaltitle = {Comunicar: Revista Científica de Comunicación y Educación},
	author = {Soler-Adillon, Joan and Pavlovic, Dragana and Freixa, Pere},
	urldate = {2019-08-13},
	date = {2018},
	file = {Full Text PDF:/Users/henrique/Zotero/storage/9ZXEB9P8/2018 - Wikipedia in higher education Changes in perceive.pdf:application/pdf;Snapshot:/Users/henrique/Zotero/storage/LZMIEYQN/articulo.html:text/html}
}

@inproceedings{taraborelli_beyond_2010,
	title = {Beyond notability. Collective deliberation on content inclusion in Wikipedia},
	abstract = {In this study we analyse the structure of a particular form of collective decision-making in Wikipedia, i.e. decisions regarding content inclusion and deletion. Wikipedia’s official guidelines require that only topics that meet “notability” stan- dards be included with a dedicated article. Decisions as to whether a topic is “notable” are made by groups of self-appointed reviewers, who assess the alleged encyclopaedic nature of a topic via so called Article for Deletion discussions. We analyse the structure and dynamics of these discussions in order to identify possible biases affecting their outcome. We show in particular the effects of voter heterogeneity and herding behaviour on the functioning of these collective deliberation processes.},
	pages = {122--125},
	booktitle = {2010 Fourth {IEEE} International Conference on Self-Adaptive and Self-Organizing Systems Workshop},
	publisher = {{IEEE}},
	author = {Taraborelli, Dario and Ciampaglia, Giovanni Luca},
	date = {2010},
	file = {Full Text:/Users/henrique/Zotero/storage/SD2FUVKL/Taraborelli and Ciampaglia - 2010 - Beyond notability. Collective deliberation on cont.pdf:application/pdf;Snapshot:/Users/henrique/Zotero/storage/HFAFRQRE/5729608.html:text/html}
}

@inproceedings{sarabadani_building_2017,
	title = {Building automated vandalism detection tools for Wikidata},
	pages = {1647--1654},
	booktitle = {Proceedings of the 26th International Conference on World Wide Web Companion},
	publisher = {International World Wide Web Conferences Steering Committee},
	author = {Sarabadani, Amir and Halfaker, Aaron and Taraborelli, Dario},
	date = {2017},
	file = {Fulltext:/Users/henrique/Zotero/storage/SBCS3ZUI/Sarabadani et al. - 2017 - Building automated vandalism detection tools for W.pdf:application/pdf;Snapshot:/Users/henrique/Zotero/storage/F7UI27WN/citation.html:text/html}
}

@article{geiger_operationalizing_2017,
	title = {Operationalizing Conflict and Cooperation between Automated Software Agents in Wikipedia: A Replication and Expansion of'Even Good Bots Fight'},
	volume = {1},
	shorttitle = {Operationalizing Conflict and Cooperation between Automated Software Agents in Wikipedia},
	pages = {49},
	issue = {{CSCW}},
	journaltitle = {Proceedings of the {ACM} on Human-Computer Interaction},
	author = {Geiger, R. Stuart and Halfaker, Aaron},
	date = {2017},
	file = {Full Text:/Users/henrique/Zotero/storage/4WARBRFZ/Geiger and Halfaker - 2017 - Operationalizing Conflict and Cooperation between .pdf:application/pdf;Snapshot:/Users/henrique/Zotero/storage/C4B9QC8U/citation.html:text/html}
}

@inproceedings{halfaker_dont_2011,
	title = {Don't bite the newbies: how reverts affect the quantity and quality of Wikipedia work},
	shorttitle = {Don't bite the newbies},
	pages = {163--172},
	booktitle = {Proceedings of the 7th international symposium on wikis and open collaboration},
	publisher = {{ACM}},
	author = {Halfaker, Aaron and Kittur, Aniket and Riedl, John},
	date = {2011},
	file = {Fulltext:/Users/henrique/Zotero/storage/7PKDEZWB/Halfaker et al. - 2011 - Don't bite the newbies how reverts affect the qua.pdf:application/pdf;Snapshot:/Users/henrique/Zotero/storage/8NZAFJFR/citation.html:text/html}
}

@inproceedings{halfaker_snuggle:_2014,
	location = {Toronto, Ontario, Canada},
	title = {Snuggle: designing for efficient socialization and ideological critique},
	isbn = {978-1-4503-2473-1},
	url = {http://dl.acm.org/citation.cfm?doid=2556288.2557313},
	doi = {10.1145/2556288.2557313},
	shorttitle = {Snuggle},
	abstract = {Wikipedia, the encyclopedia “anyone can edit”, has become increasingly less so. Recent academic research and popular discourse illustrates the often aggressive ways newcomers are treated by veteran Wikipedians. These are complex sociotechnical issues, bound up in infrastructures based on problematic ideologies. In response, we worked with a coalition of Wikipedians to design, develop, and deploy Snuggle, a new user interface that served two critical functions: making the work of newcomer socialization more effective, and bringing visibility to instances in which Wikipedians current practice of gatekeeping socialization breaks down. Snuggle supports positive socialization by helping mentors quickly ﬁnd newcomers whose good-faith mistakes were reverted as damage. Snuggle also supports ideological critique and reﬂection by bringing visibility to the consequences of viewing newcomers through a lens of suspiciousness.},
	eventtitle = {the 32nd annual {ACM} conference},
	pages = {311--320},
	booktitle = {Proceedings of the 32nd annual {ACM} conference on Human factors in computing systems - {CHI} '14},
	publisher = {{ACM} Press},
	author = {Halfaker, Aaron and Geiger, R. Stuart and Terveen, Loren G.},
	urldate = {2018-10-20},
	date = {2014},
	langid = {english},
	file = {Halfaker et al. - 2014 - Snuggle designing for efficient socialization and.pdf:/Users/henrique/Zotero/storage/P23EW63E/Halfaker et al. - 2014 - Snuggle designing for efficient socialization and.pdf:application/pdf}
}

@thesis{porter_1996,
    title = {Trust in Numbers: The pursuit of Objectivity in Science and Public Life.},
    location = {Princeton},
    pages = {43},
    author =  {Porter, Theodore M,},
    date = {1996}
}

@online{cts_brasil_blog,
    title = {CTS BRASIL BLOG},
    author =  {CTS Brasil Blog},
    url = {https://ctsbrasilblog.wordpress.com},
    urldate = {2020-03-17},
    date = {2017}
}



@article{rowley_dikw_wisdom_2007,
	title = {The wisdom hierarchy: representations of the DIKW hierarchy},
	volume = {33},
	pages = {163-180},
	issue = {2},
	journaltitle = {Journal of Information Science},
	author = {Rowley, Jennifer},
	date = {2007}
}

@incollection{yasseri_controversial_2014,
	title = {The Most Controversial Topics in Wikipedia: A Multilingual and Geographical Analysis},
	author = {Yassseri, Taha and Spoerri, Anselm and Graham, Mark and Kertés, János},
	isbn = {978-0810891012},
	pages = {311--320},
	booktitle = {Global Wikipedia: International and Cross-Cultural Issues in Online Collaboration},
	editor = {Fichman, Pnina and Hara, Noriko},
	publisher = {Rowman & Littlefield Publishers},
    date = {2014},
	langid = {english}
}
    

@book{bowker_sorting_2007,
	title = {Sorting Things Out: Classifications and Its Consequence},
	isbn = {978-85-7316-536-4},
	pagetotal = {377},
	publisher = {MIT Press},
	author = {Bowker, Geoffrey C. and Star, Susan Leigh},
	date = {2007},
	langid = {english}
}


@book{porter_trust_1996,
	title = {Trust in Numbers: The pursuit of Objectivity in Science and Public Life},
	shorttitle = {Trust in Numbers},
	isbn = {978-0691029085},
	pagetotal = {328},
	publisher = {Princeton University Press},
	author = {Porter, Theodore M},
	date = {1996},
	langid = {english}
}


@book{raymond_bazaar_1999,
	title = {The Cathedral and the Bazaar},
	isbn = {978-1-56592-724-7},
	pagetotal = {268},
	publisher = {O'Reilly & Associates, Inc.},
	author = {Raymond, Eric},
	date = {1999},
	langid = {english}
}

@inproceedings{vuong_ranking_2008,
	location = {Toronto, Ontario, Canada},
	title = {On Ranking Controversies in Wikipedia: Models and Evaluation},
	isbn = {9781595939272},
	url = {https://ink.library.smu.edu.sg/sis_research/1261/},
	doi = {10.1145/1341531.1341556},
	eventtitle = {2008 International Conference on Web Search and Data Mining},
	pages = {171-182},
	publisher = {ACM Press},
	author = {Vuong, Ba-Quy and Lim, Ee-Peng and Sun, Aixin and Le, Minh-Tam and Lauw, Hady Wirawan and Chang, Kuiyu},
	date = {2008},
	langid = {english}
}


@article{brandes_visual_2008,
	title = {Visual Analysis of Controversy in User-Generated Encyclopedias},
	volume = {7},
	pages = {34-48},
	issue = {1},
	journaltitle = {Information Visualization},
	author = {Brandes, Ulrik and Lerner, Jürgen},
	date = {2008}
}


@book{fleck_genesis_2010,
	title = {Gênese e desenvolvimento de um fato cientifico},
	isbn = {978-8563299062},
	publisher = {Fabrefactum},
	author = {Fleck, Ludwik},
	date = {2010},
	langid = {english}
}

@incollection{callon_scallops_1986,
	title = {Some Elements of a Sociology of Translation: Domestication of the Scallops and the Fishermen of St Brieuc Bay},
	author = {Callon, Michel},
	isbn = {978-0710208026},
	pages = {196-233},
	booktitle = {Power, Action, and Belief: A New Sociology of Knowledge?},
	editor = {Fichman, Pnina and Hara, Noriko},
	publisher = {Routledge Kegan & Paul},
    date = {1986},
	langid = {english}
}

@book{callon_markets_1998,
	title = {The laws of the markets},
	isbn = {978-0631206088},
	publisher = {Wiley-Blackwell},
	author = {Callon, Michel},
	date = {1998},
	langid = {english}
}

@article{ackoff_data_1989,
	title = {From data to wisdom},
	volume = {16},
	pages = {3-9},
	journaltitle = {Journal of Applied Systems Analysis},
	author = {Ackoff, Russell Lincoln},
	date = {1989}
}

@online{ptwiki_acoes_filtros_exemplo3_7,
    title = {Wikimedia Toolforge: Filtros 3 + 7},
    author = {Ptwikis},
    url = {https://ptwikis.toolforge.org/Filtros:3&7},
    urldate = {2020-11-09},
    date = {2020},
    time = {15:02}
}

@online{enwiki_wikimedia_klingon_locked,
    title = {[Wikipedia-l] Klingon Wikipedia locked},
    author = {Vibber, Brion},
    url = {https://lists.wikimedia.org/pipermail/wikipedia-l/2005-August/023607.html},
    urldate = {2020-11-11},
    date = {2005-08-07},
    time = {16:02}
}


@online{ptwiki_edicoes_grupos_otavio1981,
    title = {Wikimedia Toolforge: Edições e grupos de OTAVIO1981},
    author = {Ptwikis},
    url = {https://ptwikis.toolforge.org/Usuário:OTAVIO1981},
    urldate = {2020-11-03},
    date = {2020-11-05},
    time = {17:18}
}

@online{ptwiki_acoes_filtros,
    title = {Wikimedia Toolforge: Filtros},
    author = {Ptwikis},
    url = {https://ptwikis.toolforge.org/Filtros},
    urldate = {2020-11-03},
    date = {2020-08-07},
    time = {03:52}
}
