@misc{ptwiki_criticas,
	title = {Críticas à Wikipédia},
	author = {WIKIPÉDIA-PT},
	url = {https://pt.wikipedia.org/w/index.php?oldid=57811698},
	urldate = {2020-03-18},
	date = {2020-03-13},
	time = {15:55}
}

@misc{ptwiki_sobre,
    title = {Wikipédia:Sobre a Wikipédia},
    author = {WIKIPÉDIA-PT},
    url = {https://pt.wikipedia.org/w/index.php?oldid=54546779},
    urldate = {2019-08-30},
    date = {2019-03-19},
    time = {21:21}
}

@misc{ptwiki_naoe,
    title = {Wikipédia:O que a Wikipédia não é},
    author = {WIKIPÉDIA-PT},
    url = {https://pt.wikipedia.org/w/index.php?oldid=57534157},
    urldate = {2020-02-23},
    date = {2020-04-10},
    time = {12:12}
}

@misc{enwiki_isnot,
    title = {Wikipedia:What Wikipedia is not},
    author = {WIKIPEDIA-EN},
    url = {https://en.wikipedia.org/w/index.php?oldid=948898946},
    urldate = {2020-04-03},
    date = {2020-04-11},
    time = {17:01}
}

@misc{frwiki_nest,
    title = {Wikipédia:Ce que Wikipédia n'est pas},
    author = {WIKIPÉDIA-FR},
    url = {https://fr.wikipedia.org/w/index.php?oldid=168988033},
    urldate = {2019-03-31},
    date = {2020-04-11},
    time = {03:56}
}

@misc{eswiki_noes,
    title = {Wikipedia:Lo que Wikipedia no es},
    author = {WIKIPEDIA-ES},
    url = {https://es.wikipedia.org/w/index.php?oldid=120628633},
    urldate = {2019-10-21},
    date = {2020-04-11},
    time = {22:46}
}


@misc{dewiki_nichtist,
    title = {Wikipedia:Was Wikipedia nicht ist},
    author = {WIKIPEDIA-DE},
    url = {https://de.wikipedia.org/w/index.php?oldid=195464717},
    urldate = {2020-01-03},
    date = {2020-04-11},
    time = {16:16}
}

@misc{ptwiki_avisovandalismo,
    title = {Predefinição:Aviso-vandalismo},
    author = {WIKIPÉDIA-PT},
    url = {https://pt.wikipedia.org/w/index.php?oldid=48835377},
    urldate = {2017-05-19},
    date = {2018-10-09},
    time = {04:13}
}

@misc{ptwiki_politica_bloqueio,
    title = {Wikipédia:Política de bloqueio},
    author = {WIKIPÉDIA-PT},
    url = {https://pt.wikipedia.org/w/index.php?oldid=53238315},
    urldate = {2018-09-30},
    date = {2018-10-09},
    time = {00:59}
}

@misc{enwiki_signpost,
    title = {Wikipedia:Wikipedia Signpost/2012-01-02/Interview},
    author = {WIKIPEDIA-EN},
    url = {https://en.wikipedia.org/w/index.php?oldid=495203449},
    urldate = {2020-05-30},
    date = {2020-04-21},
    time = {22:15}
}

@misc{enwiki_talk_signpost,
    title = {Wikipédia talk:Wikipedia Signpost/2012-01-02/Interview},
    author = {WIKIPEDIA-EN},
    url = {https://en.wikipedia.org/w/index.php?oldid=466943845},
    urldate = {2011-12-21},
    date = {2020-03-31},
    time = {00:23}
}

@misc{enwiki_citation_needed,
    title = {Wikipedia:Citation needed},
    author = {WIKIPEDIA-EN},
    url = {https://en.wikipedia.org/w/index.php?oldid=941393268},
    urldate = {2020-02-18},
    date = {2020-04-07},
    time = {09:11}
}

@misc{ptwiki_conflito_interesses,
    title = {Wikipédia:Conflito de interesse},
    author = {WIKIPÉDIA-PT},
    url = {https://pt.wikipedia.org/w/index.php?oldid=53398677},
    urldate = {2018-10-18},
    date = {2020-07-16},
    time = {09:18}
}

@misc{ptwiki_cinco_pilares,
    title = {Wikipédia:Cinco pilares},
    author = {WIKIPÉDIA-PT},
    url = {https://pt.wikipedia.org/w/index.php?oldid=58474196},
    urldate = {2020-07-10},
    date = {2020-07-16},
    time = {01:25}
}

@misc{ptwiki_lista_negra,
    title = {Wikipédia:Lista negra de spam},
    author = {WIKIPÉDIA-PT},
    url = {https://pt.wikipedia.org/w/index.php?oldid=49962144},
    urldate = {2020-10-30},
    date = {2017-09-26},
    time = {21:47}
}

@misc{ptwiki_lista_negra_definicao,
    title = {Wikipédia: Lista Negra},
    author = {WIKIPÉDIA-PT},
    url = {https://pt.wikipedia.org/wiki/Lista_negra},
    urldate = {2020-11-02},
    date = {2019-04-09},
    time = {19:27}
}

@misc{ptwiki_ligacoes_externas_ligacoes_proibidas,
    title = {Wikipédia:Ligações externas - Ligações proibidas},
    author = {WIKIPÉDIA-PT},
    url = {https://pt.wikipedia.org/wiki/Wikipédia:Ligações\_externas#Ligações\_proibidas},
    urldate = {2020-11-02},
    date = {2020-08-18},
    time = {06:49}
}

@misc{ptwiki_mediawiki_discussao_spam_whitelist,
    title = {MediaWiki Discussão: Spam-whitelist},
    author = {WIKIPÉDIA-PT},
    url = {https://pt.wikipedia.org/wiki/MediaWiki\_Discussão:Spam-whitelist},
    urldate = {2020-11-03},
    date = {2020-10-26},
    time = {04:24}
}

@misc{ptwiki_mediawiki_discussao_spam_blacklist,
    title = {MediaWiki Discussão: Spam-blacklist},
    author = {WIKIPÉDIA-PT},
    url = {pt.wikipedia.org/wiki/MediaWiki_Discuss\%C3\%A3o:Spam-blacklist},
    urldate = {2020-11-03},
    date = {2020-10-25},
    time = {01:26}
}

@misc{enwiki_wikimedia_spam_blacklist,
    title = {WikiMedia Spam blacklist},
    author = {METAWIKI},
    url = {https://meta.wikimedia.org/wiki/Spam\_blacklist},
    urldate = {2020-11-03},
    date = {2020-11-03},
    time = {20:27}
}

@misc{ptwiki_mediawiki_spam_blacklist_info,
    title = {MediaWiki: Spam-blacklist/info},
    author = {WIKIPÉDIA-PT},
    url = {https://pt.wikipedia.org/wiki/MediaWiki:Spam-blacklist/info},
    urldate = {2020-11-03},
    date = {2020-07-01},
    time = {23:26}
}

@misc{ptwiki_esplanada_geral_spam_blacklist,
    title = {Wikipédia: Esplanada/geral/Critérios para inclusão e exclusão da Spam-blacklist (5fev2012)},
    author = {WIKIPÉDIA-PT},
    url = {https://pt.wikipedia.org/wiki/Wikipédia:Esplanada/geral/Critérios_para_inclusão_e_exclusão_da_Spam-blacklist_(5fev2012)},
    urldate = {2020-11-03},
    date = {2012-04-16},
    time = {14:01}
}

@misc{enwiki_wikimedia_research_talk,
    title = {Research talk:Portuguese Wikipedia trends and behavior/Social Structure},
    author = {METAWIKI},
    url = {https://meta.wikimedia.org/wiki/Research\_talk:Portuguese\_Wikipedia\_trends\_and\_behavior/Social\_Structure},
    urldate = {2020-11-03},
    date = {2012-02-02},
    time = {18:11}
}

@misc{ptwiki_fontes_confiaveis_central_confiabilidade,
    title = {Wikipédia:Fontes confiáveis/Central de confiabilidade},
    author = {WIKIPÉDIA-PT},
    url = {https://pt.wikipedia.org/wiki/Wikipédia:Fontes\_confiáveis/Central\_de\_confiabilidade},
    urldate = {2020-11-03},
    date = {2017-04-15},
    time = {04:13}
}

@misc{enwiki_signpost_abuse_filter,
    title = {Wikipedia:Wikipedia Signpost/2009-03-23/Abuse Filter},
    author = {WIKIPEDIA-EN},
    url = {https://en.wikipedia.org/wiki/Wikipedia:Wikipedia_Signpost/2009-03-23/Abuse_Filter},
    urldate = {2020-11-03},
    date = {2019-01-18},
    time = {08:33}
}

@misc{ptwiki_filtro_de_edicoes_lechatjaune,
    title = {Wikipédia: Filtro de edições feita por Lechatjaune},
    author = {WIKIPÉDIA-PT},
    url = {https://pt.wikipedia.org/w/index.php?title=Wikipédia:Filtro\_de\_edições&direction=next&oldid=15826779},
    urldate = {2020-11-03},
    date = {2017-08-17},
    time = {17:57}
}

@misc{ptwiki_filtro_de_edicoes,
    title = {Wikipédia: Filtro de edições},
    author = {WIKIPÉDIA-PT},
    url = {https://pt.wikipedia.org/wiki/Wikipédia:Filtro\_de\_edições},
    urldate = {2020-11-03},
    date = {2017-08-17},
    time = {17:57}
}

@misc{ptwiki_esplanada_proposta_filtros,
    title = {Wikipédia:Esplanada/propostas/Ativar filtros de edição globais (cross-wiki) (2jul2016)},
    author = {WIKIPÉDIA-PT},
    url = {https://pt.wikipedia.org/wiki/Wikipédia:Esplanada/propostas/Ativar\_filtros\_de\_edição_globais\_(cross-wiki)\_\(2jul2016\)},
    urldate = {2020-11-03},
    date = {2016-08-19},
    time = {21:50}
}

@misc{enwiki_wikimedia_abuse_filter_management,
    title = {WikiMedia: Abuse filter management/ 50 page},
    author = {METAWIKI},
    url = {https://meta.wikimedia.org/wiki/Special:AbuseFilter/?deletedfilters=hide&rulescope=global&hidedisabled=1},
    urldate = {2020-11-03},
    date = {2020-11-04},
    time = {19:47}
}

@misc{enwiki_editing_abuse_filter_206,
    title = {WikiMedia:Editing abuse filter 206},
    author = {METAWIKI},
    url = {https://meta.wikimedia.org/wiki/Special:AbuseFilter/206},
    urldate = {2020-08-07},
    date = {2019-03-14},
    time = {15:13}
}


@misc{metawiki_editing_abuse_filter_222,
    title = {WikiMedia:Editing abuse filter 222},
    author = {METAWIKI},
    url = {https://meta.wikimedia.org/wiki/Special:AbuseFilter/222},
    urldate = {2020-11-03},
    date = {2020-04-28},
    time = {03:52}
}

@misc{enwiki_editing_abuse_filter_240,
    title = {WikiMedia:Editing abuse filter 240},
    author = {METAWIKI},
    url = {https://meta.wikimedia.org/wiki/Special:AbuseFilter/240},
    urldate = {2020-11-03},
    date = {2020-04-28},
    time = {03:52}
}

@misc{enwiki_editing_abuse_filter_72,
    title = {WikiMedia:Editing abuse filter 72},
    author = {METAWIKI},
    url = {https://meta.wikimedia.org/wiki/Special:AbuseFilter/72},
    urldate = {2020-11-03},
    date = {2020-04-28},
    time = {03:52}
}

@misc{enwiki_abuse_filter_management_100_pages,
    title = {WikiMedia: Abuse filter management/ 100 page},
    author = {METAWIKI},
    url = {https://meta.wikimedia.org/w/index.php?title=Special:AbuseFilter/&sort=af\_hidden&limit=100&deletedfilters=hide&rulescope=global&furtheroptions\%5B0\%5D=hidedisabled},
    urldate = {2020-11-03},
    date = {2020-11-04},
    time = {20:13}
}

@misc{ptwiki_administracao_filtros_abusos_100,
    title = {Wikipédia: Administração do filtro de abusos/ 100 pages},
    author = {WIKIPÉDIA-PT},
    url = {https://pt.wikipedia.org/w/index.php?title=Especial:Filtro_de_abusos/&sort=af_hit_count&limit=100&asc=&desc=1&deletedfilters=hide&rulescope=local&furtheroptions\%5B0\%5D=hidedisabled},
    urldate = {2020-11-03},
    date = {2020-10-17},
    time = {09:39}
}

@misc{ptwiki_editar_filtros_edicao,
    title = {Wikipédia: A editar um filtro de edições/ filtro 145},
    author = {WIKIPÉDIA-PT},
    url = {https://pt.wikipedia.org/wiki/Especial:Filtro_de_abusos/145},
    urldate = {2020-11-03},
    date = {2019-08-23},
    time = {12:14}
}

@misc{ptwiki_editar_filtros_1_edicao,
    title = {Wikipédia: A editar um filtro de edições/ filtro 1},
    author = {WIKIPÉDIA-PT},
    url = {https://pt.wikipedia.org/wiki/Especial:Filtro_de_abusos/1},
    urldate = {2020-11-03},
    date = {2016-11-30},
    time = {23:56}
}


@misc{ptwiki_ajuda_duvidas,
    title = {Ajuda: Tire suas dúvidas},
    author = {WIKIPÉDIA-PT},
    url = {https://pt.wikipedia.org/wiki/Ajuda:Tire_suas_dúvidas},
    urldate = {2020-11-03},
    date = {2020-08-10},
    time = {18:03}
}

@misc{ptwiki_filtros_edicao_solicitacoes,
    title = {Wikipédia: Filtro de edições/Solicitações},
    author = {WIKIPÉDIA-PT},
    url = {https://pt.wikipedia.org/wiki/Wikipédia:Filtro\_de\_edições/Solicitações},
    urldate = {2020-11-03},
    date = {2020-08-10},
    time = {18:03}
}

@misc{ptwiki_mediawiki_abusefilter_disallowed,
    title = {MediaWiki:Abusefilter-disallowed},
    author = {WIKIPÉDIA-PT},
    url = {https://pt.wikipedia.org/w/index.php?title=MediaWiki:Abusefilter-disallowed&oldid=51624248},
    urldate = {2020-11-03},
    date = {2020-09-22},
    time = {01:27}
}


@misc{ptwiki_esplanada_geral_duvidas-fale,
    title = {Wikipédia:Esplanada/geral/Tire suas dúvidas + Informe um erro + Fale com a Wikipédia (5out2019)},
    author = {WIKIPÉDIA-PT},
    url = {https://pt.wikipedia.org/w/index.php?oldid=56858196},
    urldate = {2020-11-03},
    date = {2019-08-05},
    time = {22:05}
}

@misc{ptwiki_diferenca_edicao_cafe-administradores,
    title = {Diferenças entre edições de "Wikipédia:Café dos administradores"},
    author = {WIKIPÉDIA-PT},
    url = {https://pt.wikipedia.org/w/index.php?title=Wikipédia:Café\_dos\_administradores&diff=next&oldid=51570912},
    urldate = {2020-11-05},
    date = {2020-11-03},
    time = {22:54}
}

@misc{ptwiki_pagina_filtro_privado,
    title = {Wikipédia: A editar um filtro de edições/ filtro 3},
    author = {WIKIPÉDIA-PT},
    url = {https://pt.wikipedia.org/wiki/Especial:Filtro_de_abusos/3},
    urldate = {2020-11-05},
    date = {2020-11-05},
    time = {20:10}
}

@misc{ptwiki_administradores_pedido_otavio1981/1,
    title = {Wikipédia:Administradores/Pedidos de aprovação/OTAVIO1981/1},
    author = {WIKIPÉDIA-PT},
    url = {https://pt.wikipedia.org/wiki/Wikipédia:Administradores/Pedidos_de_aprovação/OTAVIO1981/1},
    urldate = {2020-11-05},
    date = {2020-08-02},
    time = {22:04}
}

@misc{enwiki_wikimedia_steward_resquest_permissions,
    title = {Difference between revisions of "Steward requests/Permissions"},
    author = {METAWIKI},
    url = {https://meta.wikimedia.org/w/index.php?diff=9991909},
    urldate = {2020-11-04},
    date = {2020-11-05},
    time = {16:53}
}

@misc{ptwiki_administradores_pedido_otavio1981,
    title = {Wikipédia:Administradores/Pedidos de aprovação/OTAVIO1981},
    author = {WIKIPÉDIA-PT},
    url = {https://pt.wikipedia.org/wiki/Wikipédia:Administradores/Pedidos_de_aprovação/OTAVIO1981},
    urldate = {2020-11-05},
    date = {2015-04-14},
    time = {02:03}
}

@misc{ptwiki_discussao_filtro_edicao_analise,
    title = {Wikipédia Discussão:Filtro de edições/Análise},
    author = {WIKIPÉDIA-PT},
    url = {https://pt.wikipedia.org/wiki/Wikipédia_Discussão:Filtro_de_edições/Análise},
    urldate = {2020-11-05},
    date = {2013-08-21},
    time = {15:15}
}

@misc{ptwiki_mediawiki_abusefilter_warning,
    title = {MediaWiki:Abusefilter-warning},
    author = {WIKIPÉDIA-PT},
    url = {https://pt.wikipedia.org/w/index.php?oldid=42566825},
    urldate = {2020-11-07},
    date = {2015-06-10},
    time = {17:02}
}

@misc{ptwiki_filtro_abuso_historico113,
    title = {Histórico de modificações do filtro de edições 113},
    author = {WIKIPÉDIA-PT},
    url = {https://pt.wikipedia.org/wiki/Especial:Filtro_de_abusos/history/113},
    urldate = {2020-11-09},
    date = {2020-05-26},
    time = {01:13}
}

@misc{ptwiki_esplanada_geral_verificabilidade_artigos,
    title = {Wikipédia:Esplanada/geral/Verificabilidade nos artigos (24fev2018)},
    author = {WIKIPÉDIA-PT},
    url = {https://pt.wikipedia.org/wiki/Wikipédia:Esplanada/geral/Verificabilidade_nos_artigos_(24fev2018)},
    urldate = {2020-11-09},
    date = {2018-10-20},
    time = {16:06}
}

@misc{ptwiki_ptwikis,
    title = {Wikipédia:Ptwikis},
    author = {WIKIPÉDIA-PT},
    url = {https://pt.wikipedia.org/wiki/Wikipédia:Ptwikis},
    urldate = {2020-11-09},
    date = {2020-07-14},
    time = {22:17}
}

@misc{ptwiki_captcha_definicao,
    title = {Wikipédia:Captcha},
    author = {WIKIPÉDIA-PT},
    url = {https://pt.wikipedia.org/wiki/Wikipédia:Captcha},
    urldate = {2020-11-09},
    date = {2019-11-24},
    time = {20:11}
}

@misc{enwiki_extension_confirm_edit,
    title = {MediaWiki: Extension:ConfirmEdit },
    author = {MEDIAWIKI},
    url = {https://www.mediawiki.org/wiki/Extension:ConfirmEdit},
    urldate = {2020-11-10},
    date = {2020-10-05},
    time = {23:04}
}

@misc{ptwiki_esplanada_geral_remocao_modo_captcha,
    title = {Wikipédia:Esplanada/geral/Remoção do modo emergencial do CAPTCHA (9abr2013)},
    author = {WIKIPÉDIA-PT},
    url = {https://pt.wikipedia.org/wiki/Wikipédia:Esplanada/geral/Remo\%C3\%A7\%C3\%A3o\_do\_modo\_emergencial\_do\_CAPTCHA\_\(9abr2013\)},
    urldate = {2020-11-10},
    date = {2013-07-09},
    time = {14:17}
}

@misc{ptwiki_esplanada_arquivo_2008janeiro,
    title = {Wikipédia:Esplanada/Arquivo/2008/Janeiro},
    author = {WIKIPÉDIA-PT},
    url = {https://pt.wikipedia.org/wiki/Wikipédia:Esplanada/Arquivo/2008/Janeiro#Activa\%C3\%A7\%C3\%A3o\_de\_Captcha\_para\_edições\_por\_IP},
    urldate = {2020-11-10},
    date = {2017-07-06},
    time = {13:19}
}

@misc{ptwiki_discussao_captcha,
    title = {Wikipédia Discussão:Captcha - Resposta da WMF ao pedido},
    author = {WIKIPÉDIA-PT},
    url = {https://pt.wikipedia.org/wiki/Wikipédia\_Discuss\%C3\%A3o:Captcha#Resposta\_da\_WMF\_ao\_pedido},
    urldate = {2020-11-10},
    date = {2015-11-01},
    time = {22:15}
}

@misc{ptwiki_esplanada,
    title = {Wikipédia:Esplanada},
    author = {WIKIPÉDIA-PT},
    url = {https://pt.wikipedia.org/wiki/Wikipédia:Esplanada},
    urldate = {2020-11-10},
    date = {2020-07-18},
    time = {21:43}
}

@misc{ptwiki_esplanada_geral_registro_captcha_spam_blacklist,
    title = {Wikipédia:Esplanada/geral/Registro de tentativas no CAPTCHA e ações da spam-blacklist (14set2020)},
    author = {WIKIPÉDIA-PT},
    url = {https://pt.wikipedia.org/wiki/Wikipédia:Esplanada/geral/Registro\_de\_tentativas\_no\_CAPTCHA\_e\_ações\_da\_spam-blacklist\_\(14set2020\)},
    urldate = {2020-11-10},
    date = {2020-10-20},
    time = {21:28}
}

@misc{enwiki_log_captcha_extension_talk_confirmedit,
    title = {MediaWiki: Topic on Extension talk:ConfirmEdit },
    author = {MEDIAWIKI},
    url = {https://www.mediawiki.org/w/index.php?title=Topic:Vtz02rqptsnn94d6&topic\_postId=vtz02rqptwlph8be&topic\_revId=vtz02rqptwlph8be&action=single-view},
    urldate = {2020-11-10},
    date = {2020-09-14},
    time = {18:27}
}

@misc{enwiki_wikimedia_servers,
    title = {WikiMedia Servers},
    author = {METAWIKI},
    url = {https://meta.wikimedia.org/wiki/Wikimedia\_servers},
    urldate = {2020-11-11},
    date = {2020-10-25},
    time = {18:09}
}

@misc{enwiki_wikimedia_servers_svg,
    title = {File: Wikimedia-servers-2010-12-28.svg},
    author = {METAWIKI},
    url = {https://meta.wikimedia.org/wiki/File:Wikimedia-servers-2010-12-28.svg},
    urldate = {2020-11-11},
    date = {2010-12-28},
    time = {21:03}
}

@misc{enwiki_wikimedia_system_administrators,
    title = {Wikimedia System administrators},
    author = {METAWIKI},
    url = {https://meta.wikimedia.org/wiki/System\_administrators},
    urldate = {2020-11-11},
    date = {2020-11-04},
    time = {20:57}
}

@misc{enwiki_wikimedia_klingon_history,
    title = {History of the Klingon Wikipedia},
    author = {METAWIKI},
    url = {https://meta.wikimedia.org/wiki/History\_of\_the\_Klingon\_Wikipedia},
    urldate = {2020-11-11},
    date = {2020-09-06},
    time = {23:01}
}

@misc{enwiki_wikimedia_list_wikipedias,
    title = {WikiMedia: List of Wikipedias - Moved and deleted},
    author = {METAWIKI},
    url = {https://meta.wikimedia.org/wiki/List\_of\_Wikipedias#Moved\_and\_deleted},
    urldate = {2020-11-11},
    date = {2020-10-25},
    time = {19:52}
}

@misc{ptwiki_verificabilidade,
    title = {Wikipédia:Verificabilidade.},
    author = {WIKIPÉDIA-PT},
    url = {https://pt.wikipedia.org/w/index.php?oldid=56099970},
    urldate = {2019-08-30},
    date = {2019-08-27},
    time = {18:52}
}

@misc{ptwiki_nao_precisa_citar_ceu_azul,
    title = {Wikipédia:Você não precisa citar que o céu é azul},
    author = {WIKIPÉDIA-PT},
    url = {https://pt.wikipedia.org/w/index.php?oldid=51055021},
    urldate = {2019-08-30},
    date = {2018-01-18},
    time = {18:29}
}

@misc{ptwiki_e_preciso_citar_ceu_azul,
    title = {Wikipédia:É preciso citar que o céu é azul},
    author = {WIKIPÉDIA-PT},
    url = {https://pt.wikipedia.org/w/index.php?oldid=51055023},
    urldate = {2019-08-30},
    date = {2018-01-18},
    time = {18:29}
}

@misc{ptwiki_ceu_definicao,
    title = {Wikipédia: Céu},
    author = {WIKIPÉDIA-PT},
    url = {https://pt.wikipedia.org/w/index.php?oldid=10918027},
    urldate = {2020-03-03},
    date = {2008-06-08},
    time = {18:29}
}

@misc{ptwiki_predifinicoes_ensaios_contestado,
    title = {Predefinição:Ensaio contestado},
    author = {WIKIPÉDIA-PT},
    url = {https://pt.wikipedia.org/w/index.php?oldid=42153561},
    urldate = {2020-03-03},
    date = {2015-04-22},
    time = {23:14}
}

@misc{ptwiki_edit_a_thon_atividades_portugues,
    title = {Wikipédia:Edit-a-thon/Atividades em português},
    author = {WIKIPÉDIA-PT},
    url = {https://pt.wikipedia.org/w/index.php?oldid=57643274},
    urldate = {2020-03-17},
    date = {2020-03-02},
    time = {20:29}
}

@misc{enwiki_how_run_edit_a_thon,
    title = {Wikipedia:How to run an edit-a-thon.},
    author = {WIKIPEDIA-EN},
    url = {https://en.wikipedia.org/w/index.php?oldid=943937388},
    urldate = {2020-03-17},
    date = {2020-03-04},
    time = {18:40}
}

@misc{eswiki_editaton,
    title = {Wikipedia:Editatón},
    author = {WIKIPEDIA-ES},
    url = {https://es.wikipedia.org/w/index.php?oldid=123057896},
    urldate = {2020-03-17},
    date = {2020-01-25},
    time = {17:20}
}

@misc{frwiki_journées_contributives,
    title = {Wikipédia:Journées contributives},
    author = {WIKIPÉDIA-FR},
    url = {https://fr.wikipedia.org/w/index.php?oldid=167792910},
    urldate = {2020-03-17},
    date = {2020-02-25},
    time = {10:15}
}

@misc{dewiki_edit_a_thon,
    title = {Wikipedia:Edit-a-thon},
    author = {WIKIPEDIA-DE},
    url = {https://de.wikipedia.org/w/index.php?oldid=197316727},
    urldate = {2020-03-17},
    date = {2020-03-01},
    time = {15:01}
}


@misc{ptwiki_maratona,
    title = {Maratona de edição},
    author = {WIKIPÉDIA-PT},
    url = {https://de.wikipedia.org/w/index.php?oldid=197316727},
    urldate = {2020-12-02},
    date = {2019-05-03},
    time = {20:04}
}

@misc{meta_how_to,
    title = {Learning patterns/How to make editathons for new users more successful},
    author = {METAWIKI},
    url = {https://meta.wikimedia.org/w/index.php?oldid=18830296},
    urldate = {2019-01-30},
    date = {2019-05-03},
    time = {20:34}
}

@misc{meta_new_users,
    title = {Learning patterns/New users are afraid of doing something wrong},
    author = {METAWIKI},
    url = {https://meta.wikimedia.org/w/index.php?oldid=18728706},
    urldate = {2018-12-20},
    date = {2019-05-03},
    time = {07:20}
}

@misc{meta_six_account,
    title = {Learning patterns/Six-account limit},
    author = {METAWIKI},
    url = {https://meta.wikimedia.org/w/index.php?oldid=18896634},
    urldate = {2019-02-24},
    date = {2019-05-03},
    time = {07:30}
}

@misc{meta_capturing_usernames,
    title = {Learning patterns/Capturing User names at workshops},
    author = {METAWIKI},
    url = {https://meta.wikimedia.org/w/index.php?oldid=18725753},
    urldate = {2018-12-28},
    date = {2019-05-03},
    time = {02:26}
}


@misc{meta_home_page,
    title = {Página Principal},
    author = {METAWIKI},
    url = {https://meta.wikimedia.org/w/index.php?oldid=19044537},
    urldate = {2019-05-25},
    date = {2019-05-03},
    time = {10:52}
}